<?xml version="1.0" encoding="UTF-8"?><record xmlns="http://www.loc.gov/MARC21/slim" xmlns:cinclude="http://apache.org/cocoon/include/1.0" xmlns:zs="http://www.loc.gov/zing/srw/">
  <leader>00604nz  a2200193n  4500</leader>
  <controlfield tag="001">n  96085352 </controlfield>
  <controlfield tag="003">DLC</controlfield>
  <controlfield tag="005">19960904101857.7</controlfield>
  <controlfield tag="008">960904n| acaaaaaa|          |a ana |||  </controlfield>
  <datafield tag="010" ind1=" " ind2=" ">
    <subfield code="a">n  96085352 </subfield>
  </datafield>
  <datafield tag="040" ind1=" " ind2=" ">
    <subfield code="a">DLC</subfield>
    <subfield code="c">DLC</subfield>
  </datafield>
  <datafield tag="130" ind1=" " ind2="0">
    <subfield code="a">Ketavim bi-sheʼelat ha-ḳarḳaʻ</subfield>
  </datafield>
  <datafield tag="410" ind1="2" ind2="0">
    <subfield code="a">Jewish National Fund.</subfield>
    <subfield code="t">Ketavim bi-sheʼelat ha-ḳarḳaʻ</subfield>
  </datafield>
  <datafield tag="642" ind1=" " ind2=" ">
    <subfield code="a">1</subfield>
    <subfield code="5">DLC</subfield>
  </datafield>
  <datafield tag="643" ind1=" " ind2=" ">
    <subfield code="a">Yerushalayim</subfield>
    <subfield code="b">ha-Ḳeren ha-ḳayemet le-Yiśraʼel</subfield>
  </datafield>
  <datafield tag="644" ind1=" " ind2=" ">
    <subfield code="a">f</subfield>
    <subfield code="5">DLC</subfield>
  </datafield>
  <datafield tag="645" ind1=" " ind2=" ">
    <subfield code="a">t</subfield>
    <subfield code="5">DLC</subfield>
  </datafield>
  <datafield tag="646" ind1=" " ind2=" ">
    <subfield code="a">s</subfield>
    <subfield code="5">DLC</subfield>
  </datafield>
  <datafield tag="670" ind1=" " ind2=" ">
    <subfield code="a">Parashat ha-ḳarḳaʻ be-Erets-Yiśraʼel, 1936:</subfield>
    <subfield code="b">cover (Ketavim bi-sheʼelat ha-ḳarḳaʻ)</subfield>
  </datafield>
</record>